@misc{web:airfyBeacon,
    author = "Steffen Siewart",
    title = "Airfy Beacons - Make your Smart Home even smarter",
    howpublished = "URL: \url{https://www.indiegogo.com/projects/airfy-beacon-make-your-smart-home-even-smarter/}",
    year = "2016"
}

@misc{web:crunchTime,
    title = "CrunchTime!",
    howpublished = "URL: \url{http://www.crunchtime.com/}",
    year = "2016"
    }

@misc{web:MLB,
    title = "MLB.com Ballpark",
    howpublished = "URL: \url{https://itunes.apple.com/app/id513135722?mt=8}",
    year = "2016"
    }

@misc{web:Mingleton,
    title = "Mingleton",
    howpublished = "URL: \url{https://itunes.apple.com/ru/app/mingleton/id807307276}",
    year = "2015"
    }

@misc{web:meetBeacons,
    title = "Знакомьтесь: биконы! — Сессия-интенсив про электронные маячки, для бизнесменов и разработчиков",
    howpublished = "URL: \url{http://2014.secr.ru/lang/ru/program/submitted-presentations/}",
    year = "2014"
    }

@misc{web:PayPal,
    title = "Российские программисты не спали 24 часа - интервью с Джоном Ланном из PayPal",
    howpublished = "URL: \url{http://goo.gl/YHqQre}",
    year = "2015"
    }

@misc{web:firstMuseum,
    title = "Первый проект внедрения технологии iBeacon в пространствах музея появился в России",
    howpublished = "URL: \url{http://www.retail-loyalty.org/news/}",
    year = "2015"
    }

@misc{web:RiteAid,
    title = "Rite Aid deploys proximity beacons in more than 4,500 US stores",
    howpublished = "URL: \url{http://www.zdnet.com/article/rite-aid-deploys-proximity-beacons-in-more-than-4500-us-stores/}",
    year = "2016"
    }

@misc{web:Hillshire,
    title = "Hillshire increases sales w/ iBeacon, 20x increase in purchase intent, 500x increase over average mobile ads",
    howpublished = "URL: \url{http://9to5mac.com/2014/07/22/}",
    year = "2014"
    }

@misc{web:Zatarin,
    title = "INMARKET \& ZATARAIN'S LAUNCH WORLD FIRST CPG IBEACON CAMPAIGN",
    howpublished = "URL: \url{http://www.ibeacon.com/inmarket-zatarains-launch-world-first-cpg-ibeacon-campaign/}",
    year = "2014"
    }

@misc{web:Timberland,
    title = "Timberland, Kenneth Cole Track Shoppers Who Opt-In For Deals",
    howpublished = "URL: \url{http://adage.com/article/datadriven-marketing/timberland-tests-store-tracking-app-swirl-offers/243811/}",
    year = "2013"
    }

@misc{web:Heathrow,
    title = "Virgin Atlantic lights the way with Apple's iBeacon technology at Heathrow",
    howpublished = "URL: \url{https://blog.virgin-atlantic.com/t5/Our-Future/Virgin-Atlantic-lights-the-way-with-Apple-s-iBeacon-technology/ba-p/26359#.VzMaUxV96Rt}",
    year = "2014"
    }

@misc{web:Aeroports,
    title = "Московские аэропорты могут начать использовать iBeacon",
    howpublished = "URL: \url{http://appleinsider.ru/sluxi/moskovskie-aeroporty-mogut-nachat-ispolzovat-ibeacon.html}",
    year = "2014"
    }

@misc{web:Macy,
    title = "Macy's Takes iBeacon Technology Nationwide, Installing More Than 4,000 Devices",
    howpublished = "URL: \url{http://marketingland.com/macys-100162}",
    year = "2014"
    }

@misc{web:RifKib,
    title = "Одно успешное внедрение iBeacon: 200 маячков для РИФ+КИБ 2014",
    howpublished = "URL: \url{https://habrahabr.ru/post/225713/}",
    year = "2014"
    }

@misc{web:GoogleShopExpirience,
    title = "How Mobile Is Transforming the Shopping Experience in Stores",
    howpublished = "URL: \url{https://www.thinkwithgoogle.com/research-studies/mobile-in-store.html}",
    year = "2015"
    }

@misc{web:CasesZero,
    title = "<<Успешных кейсов в России - ноль>>
Эксперт о технологии iBeacon, которая умеет продавать в оффлайне с помощью Mobile",
    howpublished = "URL: \url{http://www.therunet.com/experts/4749-uspeshnyh-keysov-v-rossii-nol}",
    year = "2015"
    }

@misc{web:HabrBig,
    title = "Навигация в помещениях с iBeacon и ИНС",
    howpublished = "URL: \url{https://habrahabr.ru/post/245325/}",
    year = "2014"
    }

@misc{web:HabrIOS7,
    title = "Indoor навигация с iBeacon в iOS7",
    howpublished = "URL: \url{https://habrahabr.ru/company/touchinstinct/blog/195104/}",
    year = "2013"
    }


@misc{web:GPScent,
    title = "GPS tracking down to the centimeter",
    howpublished = "URL: \url{http://phys.org/news/2016-02-gps-tracking-centimeter.html}",
    year = "2016"
    }

@misc{web:SecuritySlides,
    title = "Secure Beacons: Overview \& Options",
    howpublished = "URL: \url{http://www.slideshare.net/localzco/beacon-security-overview}",
    year = "2015"
    }

@misc{web:ScavengeHunt,
    title = "Hacking the CES Scavenger Hunt",
    howpublished = "URL: \url{http://makezine.com/2014/01/03/hacking-the-ces-scavenger-hunt/}",
    year = "2014"
    }

@misc{web:CoreBlRestrict,
    title = "CoreBluetooth Doesn't Let You See Beacons",
    howpublished = "URL: \url{http://developer.radiusnetworks.com/2013/10/21/corebluetooth-doesnt-let-you-see-ibeacons.html}",
    year = "2013"
    }

@book{eikhoff,
  title={Основы идентификации систем управления},
  author={Эйкхофф, П},
  volume={680},
  year={1975},
  publisher={М.: Мир}
}

@article{kalmanKinect,
  title={ИССЛЕДОВАНИЕ ФИЛЬТРА КАЛМАНА В ПРИЛОЖЕНИИ К ФИЛЬТРАЦИИ ДАННЫХ ГЛУБИНЫ С СЕНСОРА KINECT},
  author={Дусеев, ВР and Рудь, МН and Мальчуков, АН}
}

@misc{web:habrKalmanTut,
    author = "Худавердян Давид",
    title = "Фильтр Калмана",
    howpublished = "URL: \url{https://habrahabr.ru/post/166693/}",
    year = "2013"
    }

@misc{web:habrKalmanIntro,
    title = "Фильтр Калмана — Введение",
    howpublished = "URL: \url{https://habrahabr.ru/post/140274/}",
    year = "2012"
    }

@article{han2009reference,
  title={Reference node placement and selection algorithm based on trilateration for indoor sensor networks},
  author={Han, Guangjie and Choi, Deokjai and Lim, Wontaek},
  journal={Wireless Communications and Mobile Computing},
  volume={9},
  number={8},
  pages={1017--1027},
  year={2009},
  publisher={Wiley Online Library}
}

@inproceedings{bulusu2001adaptive,
  title={Adaptive beacon placement},
  author={Bulusu, Nirupama and Heidemann, John and Estrin, Deborah},
  booktitle={Distributed Computing Systems, 2001. 21st International Conference on.},
  pages={489--498},
  year={2001},
  organization={IEEE}
}

@article{mironovova2011calculation,
  title={Calculation of GDOP Coefficient},
  author={Mironovova, Martina and Havlis, H},
  journal={CTU in Prague: Faculty of Electrical Engineering},
  year={2011}
}

@inproceedings{artemenko2012comparison,
  title={Comparison of anchor selection algorithms for improvement of position estimation during the wi-fi localization process in disaster scenario},
  author={Artemenko, Oleksandr and Simon, Thierry and Mitschele-Thiel, Andreas and Schulz, Dirk and Ta, Rheza Satria},
  booktitle={Local Computer Networks (LCN), 2012 IEEE 37th Conference on},
  pages={44--49},
  year={2012},
  organization={IEEE}
}

@article{elbes2013precise,
  title={A precise indoor localization approach based on particle filter and dynamic exclusion techniques},
  author={Elbes, Mohammed and Al-Fuqaha, Ala and Anan, Muhammad},
  journal={Network Protocols and Algorithms},
  volume={5},
  number={2},
  pages={50--71},
  year={2013}
}

@article{liu2007survey,
  title={Survey of wireless indoor positioning techniques and systems},
  author={Liu, Hui and Darabi, Houshang and Banerjee, Pat and Liu, Jing},
  journal={Systems, Man, and Cybernetics, Part C: Applications and Reviews, IEEE Transactions on},
  volume={37},
  number={6},
  pages={1067--1080},
  year={2007},
  publisher={IEEE}
}

@misc{web:habrGeekPicknic,
    author = "Александр Бабаев",
    title = "iBeacon. Мифы и реальность",
    howpublished = "URL: \url{https://habrahabr.ru/post/278689/}",
    year = "2016"
    }

@incollection{pierlot2011new,
  title={A new three object triangulation algorithm based on the power center of three circles},
  author={Pierlot, Vincent and Urbin-Choffray, Maxime and Van Droogenbroeck, Marc},
  booktitle={Research and Education in Robotics-EUROBOT 2011},
  pages={248--262},
  year={2011},
  publisher={Springer}
}

@article{brida2013novel,
  title={A novel enhanced positioning trilateration algorithm implemented for medical implant in-body localization},
  author={Brida, Peter and Machaj, Juraj},
  journal={International Journal of Antennas and Propagation},
  volume={2013},
  year={2013},
  publisher={Hindawi Publishing Corporation}
}

@article{thrun2001robust,
  title={Robust Monte Carlo localization for mobile robots},
  author={Thrun, Sebastian and Fox, Dieter and Burgard, Wolfram and Dellaert, Frank},
  journal={Artificial intelligence},
  volume={128},
  number={1},
  pages={99--141},
  year={2001},
  publisher={Elsevier}
}